@article{Hawking:1974rv,
    author = "Hawking, S. W.",
    title = "{Black hole explosions}",
    doi = "10.1038/248030a0",
    journal = "Nature",
    volume = "248",
    pages = "30--31",
    year = "1974"
}

@article{Antoniadis:2013pzd,
    author = "Antoniadis, John and others",
    title = "{A Massive Pulsar in a Compact Relativistic Binary}",
    eprint = "1304.6875",
    archivePrefix = "arXiv",
    primaryClass = "astro-ph.HE",
    doi = "10.1126/science.1233232",
    journal = "Science",
    volume = "340",
    pages = "6131",
    year = "2013"
}

@article{Springel:2005nw,
    author = "Springel, Volker and others",
    title = "{Simulating the joint evolution of quasars, galaxies and their large-scale distribution}",
    eprint = "astro-ph/0504097",
    archivePrefix = "arXiv",
    doi = "10.1038/nature03597",
    journal = "Nature",
    volume = "435",
    pages = "629--636",
    year = "2005"
}

